
%AAAAAAAAAAA


@inproceedings{Abekawa2010,
    author = {Abekawa, T. and Utiyama, M. and Sumita, E. and Kageura, K.},
    title = {{Community-based Construction of Draft and Final Translation Corpus through a Translation Hosting Site Minna no Hon'yaku (MNH)}},
    booktitle = {Proc. of LREC},
    year = {2010}
}

@MANUAL{ACE-EDC,
    Author         = {ACE},
    Month          = {Feb},
    Note           = {Available at http://www.ldc.upenn.edu/Projects/ACE/},
    Title          = {Annotation Guidelines for Event Detection and Characterization ({EDC})},
    Year           = {2004}
}

@InProceedings{AKER2012,
  author = {Aker. A. and El-Haj, M. and Albakour, M. D. and Kruschwitz, U.},
  title = {{Assessing Crowdsourcing Quality through Objective Tasks}},
  booktitle = {Proc. of the Eight International Conference on Language Resources and Evaluation (LREC'12)},
  year = {2012},
  date = {23-25},
  isbn = {978-2-9517408-7-7},
  language = {english}
 } 

@article{Alonso2012,
title = {{Using crowdsourcing for TREC relevance assessment}},
journal = "Information Processing and Management",
volume = "",
number = "0",
pages = " - ",
year = "2012",
note = "",
issn = "0306-4573",
doi = "10.1016/j.ipm.2012.01.004",
url = "http://www.sciencedirect.com/science/article/pii/S0306457312000052",
author = "Alonso, O. and Mizzaro, S.",
keywords = "IR evaluation",
keywords = "Test collections",
keywords = "Relevance assessment",
keywords = "Crowdsourcing",
keywords = "TREC",
keywords = "Amazon Mechanical Turk",
keywords = "Experimental design"
}

@inproceedings{Ambati2010,
 author = {Ambati, V. and Vogel, S.},
 title = {{Can Crowds Build Parallel Corpora for Machine Translation Systems?}},
crossref = {callisonWS},
 year = {2010},
 location = {Los Angeles, California},
 pages = {62--65}
} 

@inproceedings{Ambati2010a,
 author = {Ambati, V. and Vogel, S. and Carbonell, J. G.},
 title = {{Active Learning and Crowd-Sourcing for Machine Translation}},
 booktitle = {Proc. of the Seventh International Conference on Language Resources and Evaluation},
 year = {2010},
 location = {Valletta, Malta},
} 

@inproceedings{Aras2010,
 author = {Aras, H. and Krause, M. and Haller, A. and Malaka, R.},
 title = {{Webpardy: harvesting QA by HC}},
 booktitle = {Proc. of the ACM SIGKDD Workshop on Human Computation},
 year = {2010},
 location = {Washington DC},
 pages = {49--52},
 keywords = {human computation, natural language, web question answering}
} 

@inproceedings{Attardi2010,
    author = {Attardi, G.},
    title = {{Phratris -- A Phrase Annotation Game}},
    booktitle = {INSEMTIVES Game Idea Challenge},
    url = {http://challenge.insemtives.eu/},
    year = {2010}
}


%BBBBBBBBBBBB
@inproceedings{Bernstein2010,
 author = {Bernstein, M. S. and Little, G. and Miller, R. C. and Hartmann, B. and Ackerman, M. S. and Karger, D. R. and Crowell, D. and Panovich, K.},
 title = {{Soylent: A Word Processor with a Crowd Inside}},
 booktitle = {Proc. of the 23rd ACM Symposium on User Interface Software and Technology},
 year = {2010},
 keywords = {crowdsourcing, mechanical turk, outsourcing}
} 


@article{Bernstein2012,
	title = {{Programming the Global Brain}},
	author = {Bernstein, A. and Klein, M. and Malone, T. W.  },
	journal = {Commun. ACM},
 volume = {55},
 number = {5},
 pages = {41--43},
	year = {2012},
	
}

@article{Behrend2011,
	title = {{The viability of crowdsourcing for survey research}},
	author = {Behrend, T.S. and Sharek, D.J. and Meade, A.W. and Wiebe, E.N. },
	journal = {Behav. Res.},
 volume = {43},
 number = {3},
 pages = {800--813},
	year = {2011},
	
}

@inproceedings{Blackburn2012,
 author = {Blackburn, J. and Simha, R. and Kourtellis, N. and Zuo, X. and Ripeanu, M. and Skvoretz, J. and Iamnitchi, A.},
 title = {{Branded with a Scarlet "C": Cheaters in a Gaming Social Network}},
 booktitle = {Proc. of the 21st International Conference on World Wide Web},
 series = {WWW '12},
 year = {2012},
 location = {Lyon, France},
 pages = {81--90},
 publisher = {ACM}
 } 


@inproceedings{Bontcheva2010a,
title = "{Web-based Collaborative Corpus Annotation: Requirements and a Framework Implementation}",
author = "Bontcheva, K. and Cunningham, H. and Roberts, I. and Tablan, V.",
booktitle = "Proc. of the Workshop on New Challenges for NLP Frameworks",
address = "Valletta, Malta",
month = "May",
year = 2010
}


@article{Bontcheva2013,
 author = {Bontcheva, K. and Cunningham, H. and Roberts, I. and Roberts, A. and Tablan, V. and Aswani, N. and Gorrell, G..},
 title = {{GATE Teamware: A Web-based, Collaborative Text Annotation Framework}},
 journal = {Lang. Resour. Eval.},
 issue_date = {December  2013},
 volume = {47},
 number = {4},
 month = dec,
 year = {2013},
 pages = {1007--1029},
 publisher = {Springer-Verlag New York, Inc.}
} 

 @inproceedings{Bontcheva2014,
        title = {{The GATE Crowdsourcing Plugin: Crowdsourcing Annotated Corpora Made Easy}},
        author = {Bontcheva, K. and Roberts, I. and Derczynski, L. and Rout, D.},
        year = {2014},
        booktitle = {Proc. of the 14th Conf. of the European Chapter of the Assoc. for Comp. Linguistics (EACL)},
    }


@inproceedings{Brew2010,
 author = {Brew, A. and Greene, D. and Cunningham, P.},
 title = {{Using Crowdsourcing and Active Learning to Track Sentiment in Online Media}},
 booktitle = {Proc. of the  European Conf. on Artificial Intelligence},
 year = {2010},
 pages = {145--150}
} 

@article{brooke1996sus,
  title={{SUS-A quick and dirty usability scale}},
  author={Brooke, J.},
  journal={Usability Evaluation in Industry},
  volume={189},
  pages={194},
  year={1996},
  publisher={London: Taylor \& Francis}
}


%CCCCCCCCCC

@inproceedings{Callison-Burch2009,
 author = {Callison-Burch, C.},
 title = {{Fast, Cheap, and Creative: Evaluating Translation Quality Using Amazon's Mechanical Turk}},
 booktitle = {Proc. of the Conf. on Empirical Methods in NLP},
 year = {2009},
 pages = {286--295}
} 

@inproceedings{Callison-Burch2010,
 author = {Callison-Burch, C. and Dredze, M.},
 title = {{Creating Speech and Language Data with Amazon's Mechanical Turk}},
crossref = {callisonWS},
 year = {2010},
 pages = {1--12}
} 

@inproceedings{Celino2012,
 author = {Celino, I. and Contessa, S. and Corubolo, M. and Dell'Aglio, D. and Della Valle, E. and  Fumeo, S. and Kruger, T. },
 title = {{Linking Smart Cities Datasets with Human Computation - The Case of UrbanMatch}},
 booktitle = {In Proceedings of the International Semantic Web Conference},
 year = {2012},
 pages = {34--49}
} 


@inproceedings{Chamberlain2009a,
 author = {Chamberlain, J. and Poesio, M. and Kruschwizt, U.},
 title = {{A new life for a dead parrot: Incentive structures in the Phrase Detectives game}},
 booktitle = {Proc. of the Webcentives Workshop},
 year = {2009},
} 

@inproceedings{Chamberlain2009,
 author = {Chamberlain, J. and Kruschwitz, U. and Poesio, M.},
 title = {{Constructing An Anaphorically Annotated Corpus with Non-Experts: Assessing the Quality of Collaborative Annotations}},
 booktitle = {Proc. of The People's Web Meets NLP: Collaboratively Constructed Semantic Resources},
 year = {2009},
 location = {Suntec, Singapore},
 pages = {57--62}
} 

@inproceedings{Chamberlain2012,
  author    = {Chamberlain, J. and Kruschwitz, U. and Poesio, M.},
  title     = {{Motivations for Participation in Socially Networked Collective
               Intelligence Systems}},
booktitle   = {Proc. of Collective Intelligence},
  year      = {2012}
}

@inproceedings{Chernova2010,
 author = {Chernova, S. and Orkin, J. and Breazeal, C.},
 title = {{Crowdsourcing HRI through Online Multiplayer Games}},
 booktitle = {Dialog with Robots: Papers from the AAAI Fall Symposium (FS-10-05)},
 year = {2010}
} 


@INCOLLECTION{Chamberlain:2013,
  AUTHOR =       "Chamberlain, J. and  Fort, K. and Kruschwitz, U. and Lafourcade, M. and Poesio, M.",
  TITLE =        "{Using Games to Create Language Resources: Successes and Limitations of the Approach}",
  BOOKTITLE =    "The People's Web Meets NLP. Collaboratively Constructed Language Resources",
  PUBLISHER =    "Springer",
  YEAR =         "2013",
  editor =       "I. Gurevych and K. Jungi",
  note =         "To Appear."
}


@inproceedings{Cheatham2014,
 author = {Cheatham, M. and Hitzler, P.},
 title = {{Conference v2.0: An uncertain version of the OAEI Conference benchmark}},
 booktitle = {Proc. of the 13th International Semantic Web Conference},
 year = {2014},
 location = {Riva del Garda, Italy}
 } 




@inproceedings{Chklovski2003,
 author = {Chklovski, T.},
 title = {{Learner: A System for Acquiring Commonsense Knowledge by Analogy}},
 booktitle = {Proc. of the 2nd International Conference on Knowledge Capture},
 year = {2003},
 location = {Sanibel Island, FL, USA},
 pages = {4--12},
 keywords = {analogy, commonsense knowledge, natural language, volunteer contributors}
} 

@inproceedings{Chklovski2005,
 author = {Chklovski, T.},
 title = {{Collecting Paraphrase Corpora from Volunteer Contributors}},
 booktitle = {Proc. of the 3rd International Conference on Knowledge Capture},
 pages = {115--120},
 year = {2005},
} 

@inproceedings{Chklovski2002,
 author = {Chklovski, T. and Mihalcea, R.},
 title = {{Building a Sense Tagged Corpus with Open Mind Word Expert}},
 booktitle = {Proc. of the ACL-02 Workshop on Word Sense Disambiguation: Recent Successes and Future Directions - Volume 8},
 year = {2002},
 pages = {116--122}
} 

@inproceedings{Clematide2012,
 author = {Clematide, S. and Gindl, S. and Klenner, M. and Petrakis, S. and Remus, R. and Ruppenhofer, J. and Waltinger, U. and Wiegand, M.},
 title = {{MLSA -- A Multi-layered Reference Corpus for German Sentiment Analysis}},
 booktitle = {Proc. of the Eight International Conference on Language Resources and Evaluation},
 year = {2012},
} 


@article{Cohn2008,
	title = {{Can Volunteers Do Real Research?}},
	author = {Cohn, P.},
	journal = {BioScience},
 volume = {58},
 number = {3},
 pages = {192--197},
	year = {2010},
	
}

@article{Cooper2010,
	title = {Predicting protein structures with a multiplayer online game},
	author = {Cooper, S. and Khatib, F. and Treuille, A. and Barbero, J. and Lee, J. and Beenen, M. and Leaver-Fay, A. and Baker, D. and Popovic, Z. and Foldit players},
	journal = {Nature},
 volume = {466},
 number = {7307},
 pages = {756--760},
	year = {2010},
	
}


%DDDDDDDDDD
@inproceedings{Dahab2010,
 author = {Dahab, K. and Belz, A.},
 title = {{A Game-based Approach to Transcribing Images of Text}},
 booktitle = {Proc. of the Seventh International Conference on Language Resources and Evaluation},
 year = {2010},
} 

@inproceedings{Dai2010,
 author = {Dai, P. and Mausam and Weld, D.},
 title = {{Decision-Theoretic Control of Crowd-Sourced Workflows}},
 booktitle = {Proc. of the Twenty-Fourth AAAI Conference on Artificial Intelligence},
 year = {2010},
} 

@article{Dawid1979,
     title = {{Maximum Likelihood Estimation of Observer Error-Rates Using the EM Algorithm}},
     author = {Dawid, A. P. and Skene, A. M.},
     journal = {Journal of the Royal Statistical Society. Series C (Applied Statistics)},
     jstor_issuetitle = {},
     volume = {28},
     number = {1},
     jstor_formatteddate = {1979},
     pages = {pp. 20-28},
     year = {1979},
     publisher = {Blackwell Publishing for the Royal Statistical Society}    }
     
     
     
    @inproceedings{Demartini2012,
 author = {Demartini, G. and Difallah, D. E. and Cudr{\'e}-Mauroux, P.},
 title = {{ZenCrowd: Leveraging Probabilistic Reasoning and Crowdsourcing Techniques for Large-scale Entity Linking}},
 booktitle = {Proc. of the 21st Int. Conf. on World Wide Web},
 year = {2012},
 location = {Lyon, France},
 pages = {469--478},
  publisher = {ACM}
}
    
@article{Doan2011,
 author = {Doan, A. and Ramakrishnan, R. and Halevy, A. Y.},
 title = {{Crowdsourcing Systems on the World-Wide Web}},
 journal = {Commun. ACM},
 issue_date = {April 2011},
 volume = {54},
 number = {4},
 month = apr,
 year = {2011},
 issn = {0001-0782},
 pages = {86--96},
 numpages = {11},
 url = {http://doi.acm.org/10.1145/1924421.1924442},
 doi = {10.1145/1924421.1924442},
 acmid = {1924442},
 publisher = {ACM},
 address = {New York, NY, USA},
} 


@inproceedings{Ducheneaut2007,
 author = {Ducheneaut, N. and Yee, N. and Nickell, E. and Moore, R. J.},
 title = {The Life and Death of Online Gaming Communities: a Look at Guilds in World of Warcraft},
 booktitle = {Proc. of the SIGCHI Conference on Human Factors in Computing Systems},
 series = {CHI '07},
 year = {2007},
 pages = {839--848},
 publisher = {ACM}
} 


%EEEEEEEEEEEEEE

@inproceedings{Eckert2010,
 author = {Eckert, K. and Niepert, M. and Niemann, C. and Buckner, C. and Allen, C. and Stuckenschmidt, H.},
 title = {{Crowdsourcing the Assembly of Concept Hierarchies}},
 booktitle = {Proc. of the 10th Annual Joint Conf. on Digital Libraries},
 series = {JCDL '10},
 year = {2010},
 location = {Gold Coast, Queensland, Australia},
 pages = {139--148},
 publisher = {ACM}
} 

@article {Eickhoff2012,
   author = {Eickhoff, C. and de Vries, A.},
   affiliation = {Delft University of Technology, Delft, The Netherlands},
   title = {{Increasing Cheat Robustness of Crowdsourcing Tasks}},
   journal = {Information Retrieval},
   publisher = {Springer Netherlands},
   issn = {1386-4564},
   keyword = {Computer Science},
    volume = {15},
   pages = {1-17},
   url = {http://dx.doi.org/10.1007/s10791-011-9181-9},
   note = {10.1007/s10791-011-9181-9},
   year = {2012},
}

@inproceedings{El-Haj2010,
 author = {El-Haj, M. and Kruschwitz, U. and Fox, C.},
 title = {{Using Mechanical Turk to Create a Corpus of Arabic Summaries}},
 booktitle = {Proc. of LREC},
 year = {2010},
} 

%FFFFFFFFFFFFFFFF

@inproceedings{Feng2009,
 author = {Feng, D. and Besana, S. and Zajac, R.},
 title = {{Acquiring High Quality Non-Expert Knowledge from On-Demand Workforce}},
 booktitle = {Proc. of The People's Web Meets NLP: Collaboratively Constructed Semantic Resources},
 year = {2009},
 location = {Suntec, Singapore},
 pages = {51--56}
} 

@InProceedings{FILATOVA2012,
  author = {Filatova, E.},
  title = {{Irony and Sarcasm: Corpus Generation and Analysis Using Crowdsourcing}},
  booktitle = {Proceedings of the Eight International Conference on Language Resources and Evaluation (LREC'12)},
  year = {2012},
   } 


@inproceedings{Finin2010,
   author = {Finin, T. and Murnane, W. and Karandikar, A. and Keller, N. and Martineau, J. and Dredze, M.},
   title = {{Annotating Named Entities in Twitter Data with Crowdsourcing}},
crossref = {callisonWS},
   year = {2010},
   pages = {80--88}
} 


@ARTICLE{Finholt2002,
 author={Finholt, T.A.},
 journal={Annual Review of Info. Science and Technology},
 title={{Collaboratories}},
 year={2002},
 volume={36},
 pages={74 -104},
}

@ARTICLE{Fort2011,
 author={Fort, K. and Adda, G. and Cohen, K.B.},
 journal={Computational Linguistics},
 title={{Amazon Mechanical Turk: Gold Mine or Coal Mine?}},
 year={2011},
 volume={37},
 number={2},
 pages={413 -420},
}

@inproceedings{Fort2010,
 author = {Fort, K. and Sagot, B.},
 title = {{Influence of Pre-annotation on POS-tagged Corpus Development}},
 booktitle = {Proc. of the Fourth Linguistic Annotation Workshop},
 year = {2010},
 location = {Uppsala, Sweden},
 pages = {56--63}
} 


@inproceedings{Franklin2011,
 author = {Franklin, Michael J. and Kossmann, Donald and Kraska, Tim and Ramesh, Sukriti and Xin, Reynold},
 title = {CrowdDB: Answering Queries with Crowdsourcing},
 booktitle = {Proceedings of the International Conference on Management of Data},
 series = {SIGMOD '11},
 year = {2011},
 location = {Athens, Greece},
 pages = {61--72},
 publisher = {ACM}
}

%GGGGGGGGGG


@ARTICLE{Gil2011,
 author={Gil, Y.},
 journal={The Knowledge Engineering Review},
 title={{Interactive knowledge capture in the new millennium: how the Semantic Web changed everything}},
 year={2011},
 volume={26},
 number={1},
 pages={45 - 51}
}

@inproceedings{Gillick2010,
 author = {Gillick, D. and Liu, Y.},
 title = {{Non-Expert Evaluation of Summarization Systems is Risky}},
crossref = {callisonWS},
 year = {2010},
 location = {Los Angeles, California},
 pages = {148--151}
} 

@INPROCEEDINGS{Gruenstein2009,
    author = {Gruenstein, E. and Mcgraw, I. and Sutherl, A.},
    title = {{A Self-Transcribing Speech Corpus: Collecting Continuous Speech with an Online Educational Game}},
    booktitle = {Proc. of The Speech and Language Technology in Education (SLaTE) Workshop},
    year = {2009}
}


%HHHHHHHHHHHH


@ARTICLE{Hand2010,
 author={Hand, E.},
 journal={Nature},
 title={{Citizen science: People power}},
 year={2010},
 volume={466},
 pages={685 - 687},
}

@inproceedings{Heilman2010,
 author = {Heilman, M. and Smith, N. A.},
 title = {{Rating Computer-Generated Questions with Mechanical Turk}},
crossref = {callisonWS},
 year = {2010},
 location = {Los Angeles, California},
 pages = {35--40}
} 

@ARTICLE{Hoffmann2009,
 author={Hoffmann, L.},
 journal={Commun. ACM},
 title={{Crowd Control}},
 year={2009},
 volume={52},
 number={3},
 pages={16 -17},
}

@inproceedings{Hovy2006a,
  author    = {Hovy, E.H. and Marcus, M. P. and Palmer, M. and Ramshaw, L. A. and Weischedel, R. M.},
  title     = {{OntoNotes: The 90\% Solution}},
  booktitle = {Proc. of HLT-NAACL},
  year      = {2006}
}

@InProceedings{Hovy10a,
  author    = {Hovy, E.},
  title     = {Annotation},
  booktitle = {Tutorial Abstracts of ACL},
  year      = {2010}
}

@MISC{Howe2009,
   author = "Howe, J.",
   title = {{Crowdsourcing: Why the Power of the Crowd is Driving the Future of Business}},
   note = "http://crowdsourcing.typepad.com/",
   year = 2009
   }


@inproceedings{Hsueh2009,
 author = {Hsueh, P.Y. and Melville, P. and Sindhwani, V.},
 title = {{Data Quality from Crowdsourcing: A Study of Annotation Selection Criteria}},
 booktitle = {Proc. of the  Workshop on Active Learning for Natural Language Processing},
 year = {2009},
 location = {Boulder, Colorado},
 pages = {27--35}
} 

%IIIIIIIIIII

      %  TITLE              = {{Standards for Language Resources}},
      
@ARTICLE{Ide04a,
        AUTHOR             = {N. Ide and L. Romary},
       TITLE              = {{TODO: KALINA CHECK International standard for a linguistic annotation framework}},
        JOURNAL            = {J. of Natural Language Engineering},
         volume={10},
 number={3-4},
 pages={211 - 225},
  year =     {2004}
}


@inproceedings{Irvine2010,
 author = {Irvine, A. and Klementiev, A.},
 title = {{Using Mechanical Turk to Annotate Lexicons for Less Commonly Used Languages}},
crossref = {callisonWS},
 year = {2010},
 location = {Los Angeles, California},
 pages = {108--113}
} 

%KKKKKKKKKKKK


@inproceedings{Kaisser2008,
 author = {Kaisser, M. and Lowe, J.},
 title = {{Creating a Research Collection of Question Answer Sentence Pairs with Amazon's Mechanical Turk}},
 booktitle = {Proc. of the Sixth International Conference on Language Resources and Evaluation},
 year = {2008}
} 


@ARTICLE{Kawrykow2012,
        AUTHOR             = {Kawrykow, A. and Roumanis, G. and Kam, A. and Kwak, D. and Leung, C. and Wu, C. and Zarour, E. and Phylo players},
       TITLE              = {{Phylo: A Citizen Science Approach for Improving Multiple Sequence Alignment}},
        JOURNAL            = {PLoS ONE},
         volume={7},
 number={3},
 pages={e31362},
  year =     {2012}
}

@inproceedings{Kirman2009,
 author = {Kirman, B. and Lawson, S.},
 title = {{Hardcore Classification: Identifying Play Styles in Social Games Using Network Analysis}},
 booktitle = {Proc. of the 8th International Conference on Entertainment Computing},
 series = {ICEC '09},
 year = {2009},
 pages = {246--251},
 publisher = {Springer-Verlag}
} 

@inproceedings{Kittur2011,
 author = {Kittur, A. and Smus, B. and Khamkar, S. and Kraut, R. E.},
 title = {{CrowdForge: Crowdsourcing Complex Work}},
 booktitle = {Proc. of the 24th ACM Symposium on User Interface Software and Technology},
 year = {2011},
 location = {Santa Barbara, California, USA},
 pages = {43--52},
 keywords = {coordination, crowdsourcing, distributed processing, human computation, mapreduce, mechanical turk}
} 

@inproceedings{Kittur2008,
 author = {Kittur, A. and Chi, E. H. and Suh, B.},
 title = {{Crowdsourcing User Studies with Mechanical Turk}},
 booktitle = {Proc. of Human Factors in Computing Systems},
 year = {2008},
 location = {Florence, Italy},
 pages = {453--456},
 keywords = {Mechanical Turk, Wikipedia, micro task, remote user study}
} 

@inproceedings{Koller2010,
 author = {Koller, A. and Striegnitz, K. and Gargett, A. and Byron, D. and Cassell, J. and Dale, R. and Moore, J. and Oberlander, J.},
 title = {{Report on the Second NLG Challenge on Generating Instructions in Virtual Environments (GIVE-2)}},
 booktitle = {Proc. of the  Int. Natural Language Generation Conf.},
 year = {2010},
 pages = {243--250}
} 

@inproceedings{Koller2009,
 author = {Koller, A. and Striegnitz, K. and Byron, D. and Cassell, J. and Dale, R. and Dalzel-Job, S. and Oberlander, J. and Moore, J.},
 title = {{Validating the Web-Based Evaluation of NLG Systems}},
 booktitle = {Proc. of the ACL-IJCNLP 2009 Conference Short Papers},
 year = {2009},
 pages = {301--304}
} 

@inproceedings{Krause2011,
 author = {Krause, M. and Smeddinck, J.},
 title = {{Human Computation Games: a Survey}},
 booktitle = {Proc. of 19th European Signal Processing Conference (EUSIPCO 2011)},
 year = {2011},
} 

@inproceedings{Kunath2010,
 author = {Kunath, S. A. and Weinberger, S. H.},
 title = {{The Wisdom of the Crowd's Ear: Speech Accent Rating and Annotation with Amazon Mechanical Turk}},
crossref ={callisonWS},
 year = {2010},
 location = {Los Angeles, California},
 pages = {168--171}
} 


@inproceedings{Kuo2009,
 author = {Kuo, Y. L. and Lee, J. C. and Chiang, K. Y. and Wang, R. and Shen, E. and Chan, C. W. and Hsu, J. Y.},
 title = {{Community-Based Game Design: Experiments on Social Games for Commonsense Data Collection}},
 booktitle = {Proc. of the ACM SIGKDD Workshop on Human Computation},
 series = {HCOMP '09},
 year = {2009},
 isbn = {978-1-60558-672-4},
 location = {Paris, France},
 pages = {15--22},
 numpages = {8},
 url = {http://doi.acm.org/10.1145/1600150.1600154},
 doi = {10.1145/1600150.1600154},
 acmid = {1600154},
 publisher = {ACM},
 
} 


@InProceedings{KUNCHUKUTTAN2012,
  author = {Kunchukuttan, A. and Roy, S. and Patel, P. and Ladha, K. and Gupta, S. and Khapra, M. M. and Bhattacharyya, P.},
  title = {{Experiences in Resource Generation for Machine Translation through Crowdsourcing}},
  booktitle = {Proceedings of the Eight International Conference on Language Resources and Evaluation (LREC'12)},
  year = {2012},
   } 
 
%LLLLLLLLLLLLLLLLL

@inproceedings{Laws2011,
 author = {Laws, F. and Scheible, C. and Sch\"{u}tze, H.},
 title = {{Active Learning with Amazon Mechanical Turk}},
 booktitle = {Proc. of the Conf. on Empirical Methods in NLP},
 year = {2011},
 location = {Edinburgh, UK},
 pages = {1546--1556}
} 

@inproceedings{Lawson2010,
 author = {Lawson, N. and Eustice, K. and Perkowitz, M. and Yetisgen-Yildiz, M.},
 title = {{Annotating Large Email Datasets for Named Entity Recognition with Mechanical Turk}},
crossref ={callisonWS},
 year = {2010},
 location = {Los Angeles, California},
 pages = {71--79}
} 

@inproceedings{Lieberman2007,
 author = {Lieberman, H. and Smith, D. and Teeters, A.},
 title = {{Common Consensus: A Web-based Game for Collecting Commonsense Goals}},
 booktitle = {Proceedings of IUI'07},
 year = {2007},
} 

@inproceedings{Little2010,
 author = {Little, G. and Chilton, L. B. and Goldman, M. and Miller, R. C.},
 title = {{TurKit: Human Computation Algorithms on Mechanical Turk}},
 booktitle = {Proc. of the 23nd Annual ACM Symposium on User Interface Software and Technology},
 series = {UIST '10},
 year = {2010},
 location = {New York, New York, USA},
 pages = {57--66},
 numpages = {10},
 url = {http://doi.acm.org/10.1145/1866029.1866040},
 doi = {10.1145/1866029.1866040},
 acmid = {1866040},
 publisher = {ACM},
 address = {New York, NY, USA},
 keywords = {human computation, mturk, toolkit},
} 


%MMMMMMMMMM
@inproceedings{Madnani2010,
 author = {Madnani, N. and Boyd-Graber, J. and Resnik, P.},
 title = {{Measuring Transitivity Using Untrained Annotators}},
crossref ={callisonWS},
 year = {2010},
 pages = {188--194}
} 

@article {Malone2010,
   author = {Malone, T. W. and Laubacher, R. and Dellarocas, C. },
   title = {{The Collective Intelligence Genome}},
   journal = {MIT Sloan},
   pages = {21-31},
   volume = {51},
   number = {3},
   year = {2010},
}


@inproceedings{Marge2010,
 author = {Marge, M. and Banerjee, S. and Rudnicky, A. I.},
 title = {{Using the Amazon Mechanical Turk to Transcribe and Annotate Meeting Speech for Extractive Summarization}},
crossref ={callisonWS},
 year = {2010},
 pages = {99--107}
} 

@inproceedings{Markotschi2010,
  author = {Markotschi, T. and V{\"o}lker, J.},
  title = {{Guess What?! Human Intelligence for Mining Linked Data}},
booktitle  ={Proc. of the WS. on Knowledge Injection into and Extraction from Linked Data at EKAW},
  year = 2010
}

@InProceedings{Marsh98,
  author =       {E. Marsh and D. Perzanowski},
  booktitle =    {Proc. of the Seventh Message Understanding Conference (MUC-7)},
  year =     1998,
  publisher =    {{\small {\tt http://www.itl.nist.gov/iaui/894.02/\-related\_projects/muc/index.html}}},
  title             = {{MUC-7 Evaluation of IE Technology: Overview of Results}}
}


@article {McCreadie2012,
   author = {McCreadie, R. and Macdonald, C. and Ounis, I.},
   affiliation = {University of Glasgow, Glasgow, UK},
   title = {{Identifying Top News Using Crowdsourcing}},
   journal = {Information Retrieval},
   publisher = {Springer Netherlands},
   issn = {1386-4564},
   keyword = {Computer Science},
   pages = {1-31},
   url = {http://dx.doi.org/10.1007/s10791-012-9186-z},
   note = {10.1007/s10791-012-9186-z},
   year = {2012},
}

@inproceedings{McGraw2010,
    author = {McGraw, I. and Lee, C. Y. and Hetherington, L. and Seneff, S. and Glass, J. R.},
    title = {{Collecting Voices from the Cloud}},
       booktitle = {Proc. of the Seventh International Conference on Language Resources and Evaluation},
    year = {2010}
}

@inproceedings{Mcgraw2009,
    author = {McGraw, I. and Gruenstein, A. and Sutherland, A.},
    title = {{A Self-Labeling Speech Corpus: Collecting Spoken Words with an Online Educational Game}},
    booktitle =    {Proc. of INTERSPEECH},
    year = {2009}
}


@inproceedings{Mellebeek2010,
 author = {Mellebeek, B. and Benavent, F. and Grivolla, J. and Codina, J. and Costa-juss\`{a}, M. R. and Banchs, R.},
 title = {{Opinion Mining of Spanish Customer Comments with Non-Expert Annotations on Mechanical Turk}},
crossref ={callisonWS},
 year = {2010},
 pages = {114--121}
} 

@InProceedings{mrozinski-whittaker-furui:2008:ACLMain,
  author    = {Mrozinski, J.  and  Whittaker, E. and  Furui, S.},
  title     = {{Collecting a Why-Question Corpus for Development and Evaluation of an Automatic {QA}-System}},
  booktitle = {Proc.of ACL: HLT},
  year      = {2008},
  pages     = {443--451},
  url       = {http://www.aclweb.org/anthology/P/P08/P08-1051}
}



@inproceedings{Munro2010,
 author = {Munro, R. and Bethard, S. and Kuperman, V. and Lai, V. T. and Melnick, R. and Potts, C. and Schnoebelen, T. and Tily, H.},
 title = {{Crowdsourcing and Language Studies: The New Generation of Linguistic Data}},
crossref ={callisonWS},
 year = {2010},
pages = {122--130}
} 

%NNNNNNNNNNNNN


@inproceedings{Nazir2008,
 author = {Nazir, A. and Raza, S. and Chuah, C.-N.},
 title = {Unveiling Facebook: A Measurement Study of Social Network Based Applications},
 booktitle = {Proc. of the 8th Conference on Internet Measurement},
 series = {IMC '08},
 year = {2008},
 location = {Vouliagmeni, Greece},
 pages = {43--56},
 publisher = {ACM}
}

@inproceedings{Negri2010,
 author = {Negri, M. and Mehdad, Y.},
 title = {{Creating a Bi-lingual Entailment Corpus through Translations with Mechanical Turk : 100 for a 10-day Rush}},
crossref ={callisonWS},
 year = {2010},
 pages = {212--216}
} 

@inproceedings{Negri2011,
 author = {Negri, M. and Bentivogli, L. and Mehdad, Y. and Giampiccolo, D. and Marchetti, A.},
 title = {{Divide and Conquer: Crowdsourcing the Creation of Cross-Lingual Textual Entailment Corpora}},
 booktitle = {Proc. of the Conf. on Empirical Methods in NLP},
 year = {2011},
 location = {Edinburgh, UK},
 pages = {670--679}
} 


@Proceedings{DUC2001,
  title =    {{Proc. of the Document Understanding Conference}},
  year =     2001,
  month =    {September 13},
  key = {DUC},
  organization = {NIST}
}




@inproceedings{Novotney2010,
  author    = {Novotney, S. and Callison-Burch, C.},
  title     = {{Cheap, Fast and Good Enough: Automatic Speech Recognition
               with Non-Expert Transcription}},
  booktitle = {Proc. of HLT-NAACL},
  year      = {2010},
  pages     = {207-215}
}

@inproceedings{Nov2010,
  author    = {Nov, O. and Arazy, O. and Anderson, D.},
  title     = {{Crowdsourcing for Science: Understanding and Enhancing Science Sourcing Contribution}},
  booktitle = {WS. on the Changing Dynamics of Scientific Collaborations},
  year      = {2010}
}



@inproceedings{Noy2013,
 author = {Noy, N. F. and Mortensen, J. and Musen, M. A. and Alexander, P. R.},
 title = {{Mechanical Turk As an Ontology Engineer?: Using Microtasks As a Component of an Ontology-engineering Workflow}},
 booktitle = {Proc. of the 5th Annual ACM Web Science Conf.},
 series = {WebSci '13},
 year = {2013},
  location = {Paris, France},
 pages = {262--271},
 numpages = {10}
} 


%PPPPPPPPPP

@inproceedings{Parent2010,
 author = {Parent, G. and Eskenazi, M.},
 title = {{Clustering Dictionary Definitions Using Amazon Mechanical Turk}},
crossref ={callisonWS},
 year = {2010},
 location = {Los Angeles, California},
 pages = {21--29}
} 

@inproceedings{Parent2011,
 author = {Parent, G. and Eskenazi, M.},
 title = {{Speaking to the Crowd: Looking at Past Achievements in Using Crowdsourcing for Speech and Predicting Future Challenges}},
 booktitle = {Proc. of INTERSPEECH },
 pages = {3037-3040},
 year = {2011},
} 

@Article{Poesio2012,
  author = 	 {Poesio, M. and Kruschwitz, U. and Chamberlain, J. and Robaldo, L. and Ducceschi, L.},
  title = 	 {{Phrase Detectives: Utilizing Collective Intelligence for
Internet-Scale Language Resource Creation}},
  journal = 	 {Transactions on Interactive Intelligent Systems},
volume = {3},
 number = {1},
 month = apr,
 year = {2013},
 pages = {1--44}
}

%QQQQQQQ
@inproceedings{Quinn2011,
 author = {Quinn, A. J. and Bederson, B. B.},
 title = {{Human Computation: A Survey and Taxonomy of a Growing Field}},
 booktitle = {Proc. of  Human Factors in Computing Systems},
 year = {2011},
 location = {Vancouver, BC, Canada},
 pages = {1403--1412},
 keywords = {crowdsourcing, data mining, human computation, literature review, social computing, survey, taxonomy}
}

%RRRRRRR
@inproceedings{Rafelsberger2009,
 author = {Rafelsberger, W. and Scharl, A.},
 title = {{Games with a Purpose for Social Networking Platforms}},
 booktitle = {Proc. of the Conf. on Hypertext and Hypermedia},
 year = {2009},
 location = {Torino, Italy},
 pages = {193--198},
 keywords = {application framework, games with a purpose, sentiment detection, social networking platforms}
} 

@InProceedings{RODRIGUES2012,
  author = {Rodrigues, P. and Rytting, C. A.},
  title = {{Typing Race Games as a Method to Create Spelling Error Corpora}},
  booktitle = {Proceedings of the Eight International Conference on Language Resources and Evaluation (LREC'12)},
  year = {2012}
   } 

@inproceedings{Rosenthal2010,
    author = {Rosenthal, S. and Lipovsky, W. and  McKeown, K. and Thadani, K. and Andreas, J.},
    title = {{Towards Semi-Automated Annotation for Prepositional Phrase Attachment}},
    booktitle = {Proc. of the Seventh International Conference on Language Resources and Evaluation},
    year = {2010}
}

%SSSSSSSS

@inproceedings{Sabou_Bontcheva_Scharl_2012, 
 author={Sabou, M. and Bontcheva, K. and Scharl, A.}, 
  title={{Crowdsourcing Research Opportunities: Lessons from Natural Language Processing}}, 
  booktitle={Proc. of the 12th Int. Conf. on Knowledge Management and Knowledge Technologies (iKNOW)}, 
  year={2012}
  }
  
  @article{Sabou2013,
 author = {Sabou, M. and Scharl, A. and F\"{o}ls, M.},
 title = {{Crowdsourced Knowledge Acquisition: Towards Hybrid-genre Workflows}},
 journal = {Int. J. of Semantic Web and Information Systems},
 volume = {9},
 number = {3},
 year = {2013},
 pages = {14--41}
} 	


@inproceedings{Sabou2013a,
 author = {Sabou, M. and Bontcheva, K. and Scharl, A. and F\"{o}ls, M.},
 title = {{Games with a Purpose or Mechanised Labour?: A Comparative Study}},
 booktitle = {Proc. of the 13th Int. Conf. on Knowledge Management and Knowledge Technologies (iKNOW)},
 year = {2013},
 location = {Graz, Austria},
 pages = {1--8},
 keywords = {Comparison, Games with a Purpose, Human Computation, Mechanised Labour},
} 


@inproceedings{Sarasua2012,
 author = {Sarasua, C. and Simperl, E. and Noy, N. F.},
 title = {{CrowdMap: Crowdsourcing Ontology Alignment with Microtasks}},
 booktitle = {Proc. of the 11th Int. Conf. on The Semantic Web},
 series = {ISWC'12},
 year = {2012},
 pages = {525--541},
} 

@inproceedings{Sayeed2010,
 author = {Sayeed, A. B. and Meyer, T. J. and Nguyen, H. C. and Buzek, O. and Weinberg, A.},
 title = {Crowdsourcing the evaluation of a domain-adapted named entity recognition system},
 booktitle = {proc. of Human Language Technologies: The  Annual Conference of the North American Chapter of the Association for Computational Linguistics},
 series = {HLT '10},
 year = {2010},
 isbn = {1-932432-65-5},
 location = {Los Angeles, California},
 pages = {345--348},
 numpages = {4},
 url = {http://dl.acm.org/citation.cfm?id=1857999.1858050},
 acmid = {1858050},
 publisher = {Association for Computational Linguistics},
 address = {Stroudsburg, PA, USA},
} 


@article{Savage2012,
 author = {Savage, N.},
 title = {{Gaining Wisdom from Crowds}},
 journal = {Commun. ACM},
 volume = {55},
 number = {3},
 year = {2012},
 issn = {0001-0782},
 pages = {13--15},
 numpages = {3},
 url = {http://doi.acm.org/10.1145/2093548.2093553},
 doi = {10.1145/2093548.2093553},
 acmid = {2093553},
 publisher = {ACM},
 address = {New York, NY, USA},
} 

@InProceedings{SCHARL2012,
  author = {Scharl, A. and Sabou, M. and Gindl, S. and Rafelsberger, W. and Weichselbraun, A.},
  title = {{Leveraging the Wisdom of the Crowds for the Acquisition of Multilingual Language Resources}},
  booktitle = {Proc. of the LREC},
  year = {2012},
  } 
  


@inproceedings{Scharl2012a,
 author = {Scharl, A. and Sabou, M. and F\"{o}ls, M.},
 title = {{Climate Quiz: a Web Application for Eliciting and Validating Knowledge from Social Networks}},
 booktitle = {Proc. of the 18th Brazilian symposium on Multimedia and the web},
 series = {WebMedia '12},
 year = {2012},
 location = {Sao Paulo/SP, Brazil},
 pages = {189--192},
 numpages = {4},
 publisher = {ACM}
} 


@inproceedings{Sheng2008,
 author = {Sheng, V. S. and Provost, F. and Ipeirotis, P. G.},
 title = {{Get Another Label? Improving Data Quality and Data Mining Using Multiple, Noisy Labelers}},
 booktitle = {Proc. of the 14th International Conference on Knowledge Discovery and Data Mining},
 year = {2008},
 location = {Las Vegas, Nevada, USA},
 pages = {614--622},
 keywords = {data preprocessing, data selection}
} 

@inproceedings{Shim2011,
author = {Shim, K. J. and Hsu, K.-W. and Srivastava. J.},
title = {{Modeling Player Performance in Massively Multiplayer Online Role-Playing Games: The Effects of Diversity in Mentoring Network}},
booktitle ={Proc. of the International Conference on Advances in Social Networks Analysis and Mining},
year = {2011},
pages = {438-442},
publisher = {IEEE Computer Society}
}



@incollection {Singh2002,
   author = {Singh, P. and Lin, T. and Mueller, E. and Lim, G. and Perkins, T. and Li Zhu, W},
   affiliation = {MIT Media Laboratory, 20 Ames Street, MA 02139 Cambridge, USA},
   title = {{Open Mind Common Sense: Knowledge Acquisition from the General Public}},
   booktitle = {Proc. of On the Move to Meaningful Internet Systems: CoopIS, DOA, and ODBASE},
   series = {Lecture Notes in Computer Science},
   editor = {Meersman, Robert and Tari, Zahir},
   publisher = {Springer Berlin / Heidelberg},
   isbn = {978-3-540-00106-5},
   keyword = {Computer Science},
   pages = {1223-1237},
   volume = {2519},
   year = {2002}
}

@ARTICLE{Siorpaes2008,
author={Siorpaes, K. and Hepp, M.},
journal={Intelligent Systems, IEEE},
 title={{Games with a Purpose for the Semantic Web}},
year={2008},
volume={23},
number={3},
pages={50 -60},
keywords={OntoGame series;online multiplayer game;ontology engineering;semantic Web;computer games;ontologies (artificial intelligence);semantic Web;},
doi={10.1109/MIS.2008.45},
ISSN={1541-1672},}

@ARTICLE{Smyth1995,
 author={P. Smyth and U. Fayyad and M. Burl and P. Perona and P. Baldi},
 journal={Advances in Neural Information Processing Systems},
 title={{Inferring Ground Truth From Subjective Labelling of Venus Images}},
 year={1995},
 number={7},
 pages={1085 -1092},
}

@inproceedings{Snow2008,
 author = {Snow, R. and O'Connor, B. and Jurafsky, D. and Ng, A. Y.},
 title = {{Cheap and Fast---but is it Good?: Evaluating Non-Expert Annotations for Natural Language Tasks}},
 booktitle = {Proc. of EMNLP},
 year = {2008},
 location = {Honolulu, Hawaii},
 pages = {254--263}
} 

@article {Stede2012,
   author = {Stede, M. and Huang, C.R.},
   affiliation = {Department of Linguistics, University of Potsdam, Karl-Liebknecht-Str. 24-25, 14476 Golm, Germany},
   title = {{Inter-operability and reusability: the science of annotation}},
   journal = {Language Resources and Evaluation},
   publisher = {Springer Netherlands},
   issn = {1574-020X},
   keyword = {Humanities, Social Sciences and Law},
   pages = {91-94},
   volume = {46},
   issue = {1},
   url = {http://dx.doi.org/10.1007/s10579-011-9164-x},
   note = {10.1007/s10579-011-9164-x},
   year = {2012}
}

%TTTTTTT

@inproceedings{Thaler2011a,
 author = {Thaler, S. and Simperl, E. and Siorpaes, K.},
 title = {{SpotTheLink: Playful Alignment of Ontologies}},
 booktitle = {Proc. of the ACM Symp. on Applied Computing},
  year = {2011},
 pages = {1711--1712}
}


@TECHREPORT{Thaler2011,
  AUTHOR =   {Thaler, S. and Siorpaes, K. and Hofer, C. and Simperl, E.},
  TITLE =    {{A Survey on Games for Knowledge Acquisition}},
  TYPE =     {{Technical report}},
  URL = {http://www.sti-innsbruck.at/fileadmin/documents/technical_report/A-survey-on-games-for-knowledge-acquisition.pdf},
  institution =  {Semantic Techology Institute, Innsbruck},
  year =     {2011}
}

@article{Thaler2012,
  author    = {Thaler, S. and Simperl, E.  and W{\"o}lger, S.},
  title     = {{An Experiment in Comparing Human-Computation Techniques}},
  journal   = {IEEE Internet Computing},
  volume    = {16},
  number    = {5},
  year      = {2012},
  pages     = {52-58},
  ee        = {http://doi.ieeecomputersociety.org/10.1109/MIC.2012.67},
  bibsource = {DBLP, http://dblp.uni-trier.de}
}

@article{Tudorache2013,
 author = {Tudorache, Tania and Nyulas, Csongor and Noy, Natalya F. and Musen, Mark A.},
 title = {{WebProtege: A Collaborative Ontology Editor and Knowledge Acquisition Tool for the Web}},
 journal = {Semant. Web J.},
 issue_date = {January 2013},
 volume = {4},
 number = {1},
 month = jan,
 year = {2013},
  pages = {89--99},
  publisher = {IOS Press}
} 

%UUUUUUUUUUUU

@inproceedings{Utiyama2010,
 author = {Utiyama, M. and Abekawa, T. and Sumita, E. and Kageura, K.},
 title = {{Helping Volunteer Translators, Fostering Language Resources}},
 booktitle = {Proc. of  The People's Web Meets NLP: Collaboratively Constructed Semantic Resources},
 year = {2010}
} 

%VVVVVVVVVVVVVVVV
@inproceedings{Vertanen2011,
 author = {Vertanen, K. and Kristensson, P. O.},
 title = {{The Imagination of Crowds: Conversational AAC Language Modeling using Crowdsourcing and Large Data Sources}},
 booktitle = {Proc. of the Conf. on Empirical Methods in NLP},
 year = {2011},
 location = {Edinburgh, UK},
 pages = {700--711}
} 


@inproceedings{Vickrey2008,
 author = {Vickrey, D. and Bronzan, A. and Choi, W. and Kumar, A. and Turner-Maier, J. and Wang, A. and Koller, D.},
 title = {{Online Word Games for Semantic Data Collection}},
 booktitle = {Proc. of the Conference on Empirical Methods in Natural Language Processing},
 year = {2008},
 location = {Honolulu, Hawaii},
 pages = {533--542}
} 

@inproceedings{vanBovenkamp13,
  author = {van de Bovenkamp, R. and Shen, S. and Iosup, A. and Kuipers, F. A.},
  booktitle = {Proc. of the 5th International Conference on Communication Systems and Networks (COMSNETS)},
  pages = {1-10},
  publisher = {IEEE},
  timestamp = {2013-02-25T00:00:00.000+0100},
  title = {Understanding and recommending play relationships in online social gaming.},
  year = 2013
}

@inproceedings{vonAhn04,
  author    = {L. von Ahn and L. Dabbish},
  title     = {{Labeling Images with a Computer Game}},
  booktitle = {Proc. of ACM Conference on Human Factors in Computing Systems, CHI},
  year      = {2004},
  pages     = {319-326},
  publisher = {ACM},
  address = {Vienna, Austria}
}

% Thesis
@PHDTHESIS(vonAhnTh2005,
 author = "L. von Ahn",
 title = "{Human Computation}",
 school = "Carnegie Mellon University",
 year = "2005",
 month = "December"
)

@ARTICLE{vonAhn2006,
author={von Ahn, L.},
journal={Computer}, 
title={{Games With a Purpose}},
year={2006},
volume={39},
number={6},
pages={92 -94},
keywords={entertainment;large-scale computational problem solving;online computer games;computer games;},
doi={10.1109/MC.2006.196},
ISSN={0018-9162},}

@inproceedings{vonAhn2006a,
 author = {von Ahn, L. and Kedia, M. and Blum, M.},
 title = {Verbosity: A Game for Collecting Common-Sense Facts},
 booktitle = {Proc. of the SIGCHI Conference on Human Factors in Computing Systems, CHI},
 year = {2006},
 isbn = {1-59593-372-7},
 location = {Montr\&\#233;al, Qu\&\#233;bec, Canada},
 pages = {75--78},
 numpages = {4},
 url = {http://doi.acm.org/10.1145/1124772.1124784},
 doi = {10.1145/1124772.1124784},
 acmid = {1124784},
 publisher = {ACM},
 address = {New York, NY, USA},
 keywords = {common-sense reasoning, distributed knowledge acquisition, web-based games},
} 

@article{vonAhn2008,
 author = {von Ahn, L. and Dabbish, L.},
 title = {Designing Games With a Purpose},
 journal = {Commun. ACM},
 issue_date = {August 2008},
 volume = {51},
 number = {8},
 year = {2008},
 issn = {0001-0782},
 pages = {58--67},
 numpages = {10},
 url = {http://doi.acm.org/10.1145/1378704.1378719},
 doi = {10.1145/1378704.1378719},
 acmid = {1378719},
 publisher = {ACM},
 address = {New York, NY, USA},
} 

%WWWWWWWWWWWW

@article{Waitelonis2011,
  author    = {Waitelonis, J. and Ludwig, N. and Knuth, M. and Sack, H.},
  title     = {{WhoKnows? Evaluating Linked Data Heuristics with a Quiz that Cleans Up DBpedia}},
  journal   = {Interact. Techn. Smart Edu.},
  volume    = {8},
  number    = {4},
  year      = {2011},
  pages     = {236-248}
  }


@inproceedings{Wang2010,
 author = {Wang, R. and Callison-Burch, C.},
 title = {{Cheap Facts and Counter-Facts}},
crossref = {callisonWS},
 year = {2010},
 location = {Los Angeles, California},
 pages = {163--167}
} 

@article{Wang2013,
 author = {Wang, A. and Hoang, C.D.V. and Kan, M. Y.},
 title = {{Perspectives on Crowdsourcing Annotations for Natural Language Processing}},
 journal = {Language Resources and Evaluation},
 volume = {47},
 number = {1},
 year = {2013}
} 

@inproceedings{Weichselbraun2011a,
  author    = {Weichselbraun, A. and Gindl, S. and Scharl, A.},
  title     = {{Using Games with a Purpose and Bootstrapping to Create Domain-Specific Sentiment Lexicons}},
  booktitle = {Proc. of the 20th ACM Conference on Information and Knowledge Management (CIKM)},
  year      = {2011},
  pages     = {1053-1060}
}


@inproceedings{Wiggins2010,
  author    = {Wiggins, A. },
  title     = {{Crowdsourcing Science: Organizing Virtual Participation in Knowledge Production}},
  booktitle = {Proc. of the Int. Conf. on Supporting Group Work},
  year      = {2010},
  pages     = {337-338}
}

@inproceedings{Wiggins2011,
  author    = {Wiggins, A. and Crowston, K. },
  title     = {{From Conservation to Crowdsourcing: A Typology of Citizen Science}},
  booktitle = {Proc. of the Hawaii Int. Conf.  on System Sciences},
  year      = {2011},
  pages     = {1-10}
}




@article{Wohlgenannt2012,
  author    = {Wohlgenannt, G. and Weichselbraun, A. and Scharl, A. and Sabou, M.},
  title     = {{Dynamic Integration of Multiple Evidence Sources for Ontology
               Learning}},
  journal   = {Journal of Information and Data Management},
  volume    = {3},
  number    = {3},
  year      = {2012},
  pages     = {243-254}
}


@inproceedings{Wohn2011,
 author = {Wohn, D. Y. and Lampe, C. and Wash, R. and Ellison, N. and Vitak, J.},
 title = {{The "S" in Social Network Games: Initiating, Maintaining, and Enhancing Relationships}},
 booktitle = {Proc. of the 44th Hawaii International Conference on System Sciences},
 series = {HICSS '11},
 year = {2011},
 pages = {1--10},
 publisher = {IEEE Computer Society}
} 

@inproceedings{Wolf2011,
 author = {Wolf, L. and Knuth, M. and Osterhoff, J. and Sack, H.},
 title = {{RISQ! Renowned Individuals Semantic Quiz - a Jeopardy like Quiz Game for Ranking Facts}},
 booktitle = {Proc. of the 7th Int. Conf. on Semantic Systems},
 series = {I-Semantics '11},
 year = {2011},
 isbn = {978-1-4503-0621-8},
 location = {Graz, Austria},
 pages = {71--78},
 numpages = {8},
 url = {http://doi.acm.org/10.1145/2063518.2063528},
 doi = {10.1145/2063518.2063528},
 acmid = {2063528},
 keywords = {data cleansing, games with a purpose, linked open data},
} 

%YYYYYYYYYYYYYY

@inproceedings{Yano2010,
 author = {Yano, T. and Resnik, P. and Smith, N. A.},
 title = {{Shedding (a Thousand Points of) Light on Biased Language}},
crossref = {callisonWS},
 year = {2010},
pages = {152--158}
} 

@INPROCEEDINGS{Yuen2009,
author={Yuen, M. C. and Chen, L. J. and King, I.},
booktitle={Int. Conf. on Computational Science and Engineering },
 title={{A Survey of Human Computation Systems}},
year={2009},
pages={723 -728},
keywords={distributed human computation problem;initiatory human computation system;social games;artificial intelligence;computation theory;social aspects of automation;},
doi={10.1109/CSE.2009.395},
ISSN={},}

%ZZZZZZZZZZZZZZZZ
@inproceedings{Zaidan2011,
 author = {Zaidan, O. F. and Callison-Burch, C.},
 title = {{Crowdsourcing Translation: Professional Quality from Non-Professionals}},
 booktitle = {Proc. of ACL: HLT},
 year = {2011},
 pages = {1220--1229}
} 



% CROSS_REFERENCED BOOKS, PROCEEDINGS

@PROCEEDINGS {callisonWS,
 editor    = {Callison-Burch, C. and Dredze, M.},
 title     = {Proc. of the NAACL HLT Workshop on Creating Speech and Language Data with Amazon's Mechanical Turk},
 booktitle = {Proc. of the NAACL HLT Workshop on Creating Speech and Language Data with Amazon's Mechanical Turk},
 year      = {2010}
}

@article{landis1977,
  author    = {Landis, JR. and Koch, GG.},
  title     = {{The measurement of observer agreement for categorical data}},
  journal   = {Biometrics},
  volume    = {33},
  number    = {1},
  year      = {1977},
  pages     = {159-174}
}


Biometrics. 1977 Mar;33(1):159-74.
The measurement of observer agreement for categorical data.
Landis JR, Koch GG.
